/home/athan/LIBRARY/A_Atmosphere/A_Atmosphere.bib